@MANUAL{manual_abntex2,
title = {A classe abntex2: Documentos técnicos e científicos brasileiros compatíveis com as normas ABNT},
author = {Lauro Cesar Araujo},
year = {2016},
source = {http://www.abntex.net.br/},
}

@MISC{site_abntex2,
title = {Classe LaTeX e estilo bibliográfico compatíveis com as normas da ABNT},
month = maio,
year = {2017},
howpublished = {\url{http://www.abntex.net.br/}},
}

@article{DBLP:journals/tsp/WaibelHHSL89,
  author    = {Alexander H. Waibel and
               Toshiyuki Hanazawa and
               Geoffrey E. Hinton and
               Kiyohiro Shikano and
               Kevin J. Lang},
  title     = {Phoneme recognition using time-delay neural networks},
  journal   = {{IEEE} Trans. Acoustics, Speech, and Signal Processing},
  volume    = {37},
  number    = {3},
  pages     = {328--339},
  year      = {1989},
  url       = {https://doi.org/10.1109/29.21701},
  doi       = {10.1109/29.21701},
  timestamp = {Thu, 18 May 2017 01:00:00 +0200},
  biburl    = {https://dblp.org/rec/bib/journals/tsp/WaibelHHSL89},
  bibsource = {dblp computer science bibliography, https://dblp.org}
}

@ARTICLE{FirstML, 
author={A. L. Samuel}, 
journal={IBM Journal of Research and Development}, 
title={Some studies in machine learning using the game of checkers}, 
year={2000}, 
volume={44}, 
number={1.2}, 
pages={206-226}, 
keywords={}, 
doi={10.1147/rd.441.0206}, 
ISSN={0018-8646}, 
month={Jan},}

@book{LiuBing,
 author = {Liu, Bing},
 title = {Sentiment Analysis and Opinion Mining},
 year = {2012},
 isbn = {1608458849, 9781608458844},
 publisher = {Morgan \& Claypool Publishers},
} 



@book{Mitchell,
 author = {Mitchell, Thomas M.},
 title = {Machine Learning},
 year = {1997},
 isbn = {0070428077, 9780070428072},
 edition = {1},
 publisher = {McGraw-Hill, Inc.},
 address = {New York, NY, USA},
} 

@article{Feldman,
 author = {Feldman, Ronen},
 title = {Techniques and Applications for Sentiment Analysis},
 journal = {Commun. ACM},
 issue_date = {April 2013},
 volume = {56},
 number = {4},
 year = {2013},
 issn = {0001-0782},
 pages = {82--89},
 numpages = {8},
 url = {http://doi.acm.org/10.1145/2436256.2436274},
 doi = {10.1145/2436256.2436274},
 acmid = {2436274},
 publisher = {ACM},
 address = {New York, NY, USA},
} 


@article{NatureDL,
    author = {LeCun, Yann and Bengio, Yoshua and Hinton, Geoffrey},
    citeulike-article-id = {13629676},
    citeulike-linkout-0 = {http://dx.doi.org/10.1038/nature14539},
    citeulike-linkout-1 = {http://dx.doi.org/10.1038/nature14539},
    day = {27},
    doi = {10.1038/nature14539},
    issn = {0028-0836},
    journal = {Nature},
    keywords = {deeplearning},
    month = may,
    number = {7553},
    pages = {436--444},
    posted-at = {2015-06-09 11:49:47},
    priority = {4},
    publisher = {Nature Research},
    title = {{Deep learning}},
    url = {http://dx.doi.org/10.1038/nature14539},
    volume = {521},
    year = {2015}
}

@book{OrgDL,
    title={Deep Learning},
    author={Ian Goodfellow and Yoshua Bengio and Aaron Courville},
    publisher={MIT Press},
    note={\url{http://www.deeplearningbook.org}},
    year={2016}
}

@inproceedings{DL4SA,
 author = {Glorot, Xavier and Bordes, Antoine and Bengio, Yoshua},
 title = {Domain Adaptation for Large-scale Sentiment Classification: A Deep Learning Approach},
 booktitle = {Proceedings of the 28th International Conference on International Conference on Machine Learning},
 series = {ICML'11},
 year = {2011},
 isbn = {978-1-4503-0619-5},
 location = {Bellevue, Washington, USA},
 pages = {513--520},
 numpages = {8},
 url = {http://dl.acm.org/citation.cfm?id=3104482.3104547},
 acmid = {3104547},
 publisher = {Omnipress},
 address = {USA},
} 

@INPROCEEDINGS{LiuSentAnaSubject,
    author = {Bing Liu},
    title = {Sentiment analysis and subjectivity},
    booktitle = {Handbook of Natural Language Processing, Second Edition. Taylor and Francis Group, Boca},
    year = {2010}
}

@inproceedings{Nasukawa:2003:SAC:945645.945658,
 author = {Nasukawa, Tetsuya and Yi, Jeonghee},
 title = {Sentiment Analysis: Capturing Favorability Using Natural Language Processing},
 booktitle = {Proceedings of the 2Nd International Conference on Knowledge Capture},
 series = {K-CAP '03},
 year = {2003},
 isbn = {1-58113-583-1},
 location = {Sanibel Island, FL, USA},
 pages = {70--77},
 numpages = {8},
 url = {http://doi.acm.org/10.1145/945645.945658},
 doi = {10.1145/945645.945658},
 acmid = {945658},
 publisher = {ACM},
 address = {New York, NY, USA},
 keywords = {favorability analysis, information extraction, sentiment analysis, text mining},
} 

@book{Jurafsky:2000:SLP:555733,
 author = {Jurafsky, Daniel and Martin, James H.},
 title = {Speech and Language Processing: An Introduction to Natural Language Processing, Computational Linguistics, and Speech Recognition},
 year = {2000},
 isbn = {0130950696},
 edition = {1st},
 publisher = {Prentice Hall PTR},
 address = {Upper Saddle River, NJ, USA},
} 

@article{PeopleLikeThis,
    author = {Ma, J., Nickerson, J. and  Sakamoto, Y.},
    title = {2377 People Like this Article: The influence of Others' Decisions on Yours},
    journal = {Proceedings of the Annual Meeting of the Cognitive Science Society},
    volume = {31},
    year = {2009},
    url = {https://escholarship.org/uc/item/9qg55883},
}

@book{Barber:2012:BRM:2207809,
 author = {Barber, David},
 title = {Bayesian Reasoning and Machine Learning},
 year = {2012},
 isbn = {0521518148, 9780521518147},
 publisher = {Cambridge University Press},
 address = {New York, NY, USA},
} 

@article{Gomez-Uribe:2015:NRS:2869770.2843948,
 author = {Gomez-Uribe, Carlos A. and Hunt, Neil},
 title = {The Netflix Recommender System: Algorithms, Business Value, and Innovation},
 journal = {ACM Trans. Manage. Inf. Syst.},
 issue_date = {January 2016},
 volume = {6},
 number = {4},
 month = dec,
 year = {2015},
 issn = {2158-656X},
 pages = {13:1--13:19},
 articleno = {13},
 numpages = {19},
 url = {http://doi.acm.org/10.1145/2843948},
 doi = {10.1145/2843948},
 acmid = {2843948},
 publisher = {ACM},
 address = {New York, NY, USA},
 keywords = {Recommender systems},
} 


@book{Shalev-Shwartz:2014:UML:2621980,
 author = {Shalev-Shwartz, Shai and Ben-David, Shai},
 title = {Understanding Machine Learning: From Theory to Algorithms},
 year = {2014},
 isbn = {1107057132, 9781107057135},
 publisher = {Cambridge University Press},
 address = {New York, NY, USA},
} 
[download]